<record><leader>00000cas a2200000 a 4500</leader><controlfield tag="001">34381995</controlfield><controlfield tag="007">hd afu---bact</controlfield><controlfield tag="007">hd bfu---baat</controlfield><controlfield tag="008">960318d18951898nbudn nea     0   a0eng d</controlfield><datafield ind1=" " ind2=" " tag="010"><subfield code="a">sn 96080050 </subfield></datafield><datafield ind1=" " ind2=" " tag="040"><subfield code="a">NVG</subfield><subfield code="b">eng</subfield><subfield code="c">NVG</subfield><subfield code="d">OCL</subfield><subfield code="d">OCLCQ</subfield><subfield code="d">OCLCF</subfield><subfield code="d">OCLCO</subfield></datafield><datafield ind1="1" ind2=" " tag="029"><subfield code="a">AU@</subfield><subfield code="b">000012367129</subfield></datafield><datafield ind1=" " ind2=" " tag="042"><subfield code="a">msc</subfield></datafield><datafield ind1=" " ind2=" " tag="043"><subfield code="a">n-usc--</subfield></datafield><datafield ind1="0" ind2=" " tag="130"><subfield code="a">Drovers journal (South Omaha, Neb. : 1895)</subfield></datafield><datafield ind1="1" ind2="4" tag="245"><subfield code="a">The drovers journal</subfield><subfield code="h">[microform].</subfield></datafield><datafield ind1=" " ind2=" " tag="260"><subfield code="a">South Omaha, Neb. :</subfield><subfield code="b">Drovers Journal Co.,</subfield><subfield code="c">1895-1898.</subfield></datafield><datafield ind1=" " ind2=" " tag="300"><subfield code="a">v. :</subfield><subfield code="b">ill.</subfield></datafield><datafield ind1=" " ind2=" " tag="310"><subfield code="a">Daily (except Sun.)</subfield></datafield><datafield ind1="0" ind2=" " tag="362"><subfield code="a">Vol. 8, no. 21 [i.e. 214] (Aug. 28, 1895)-v. 11, no. 284 (Nov. 19, 1898).</subfield></datafield><datafield ind1=" " ind2=" " tag="580"><subfield code="a">Continued in part by: Magic city hoof and horn.</subfield></datafield><datafield ind1=" " ind2=" " tag="580"><subfield code="a">Merged with: South Omaha daily stockman, to form: Daily drovers journal and stockman.</subfield></datafield><datafield ind1=" " ind2=" " tag="533"><subfield code="a">Microfilm.</subfield><subfield code="m">1895-1898:[Gaps]</subfield><subfield code="b">Lincoln, Neb. :</subfield><subfield code="c">Nebraska State Historical Society.</subfield><subfield code="e">5 microfilm reels ; 35mm.</subfield></datafield><datafield ind1=" " ind2="0" tag="650"><subfield code="a">Animal industry</subfield><subfield code="z">Middle West</subfield><subfield code="v">Newspapers.</subfield></datafield><datafield ind1=" " ind2="0" tag="650"><subfield code="a">Meat industry and trade</subfield><subfield code="z">Middle West</subfield><subfield code="v">Newspapers.</subfield></datafield><datafield ind1=" " ind2="7" tag="655"><subfield code="a">Newspapers.</subfield><subfield code="2">fast</subfield><subfield code="0">(OCoLC)fst01423814</subfield></datafield><datafield ind1=" " ind2="7" tag="650"><subfield code="a">Animal industry.</subfield><subfield code="2">fast</subfield><subfield code="0">(OCoLC)fst00809238</subfield></datafield><datafield ind1=" " ind2="7" tag="650"><subfield code="a">Meat industry and trade.</subfield><subfield code="2">fast</subfield><subfield code="0">(OCoLC)fst01013271</subfield></datafield><datafield ind1=" " ind2="7" tag="651"><subfield code="a">Middle West.</subfield><subfield code="2">fast</subfield><subfield code="0">(OCoLC)fst01240052</subfield></datafield><datafield ind1=" " ind2=" " tag="752"><subfield code="a">United States</subfield><subfield code="b">Nebraska</subfield><subfield code="c">Douglas</subfield><subfield code="d">Omaha.</subfield></datafield><datafield ind1=" " ind2=" " tag="752"><subfield code="a">United States</subfield><subfield code="b">Nebraska</subfield><subfield code="c">Douglas</subfield><subfield code="d">South Omaha.</subfield></datafield><datafield ind1="0" ind2="0" tag="780"><subfield code="t">South Omaha drovers journal</subfield><subfield code="w">(DLC)sn 96080049</subfield></datafield><datafield ind1="1" ind2="1" tag="785"><subfield code="t">Magic city hoof and horn</subfield><subfield code="w">(DLC)sn 95073125</subfield></datafield><datafield ind1="1" ind2="7" tag="785"><subfield code="t">South Omaha daily stockman</subfield><subfield code="w">(DLC)sn 96080056</subfield></datafield><datafield ind1="1" ind2="7" tag="785"><subfield code="t">Daily drovers journal and stockman</subfield><subfield code="w">(DLC)sn 96080051</subfield></datafield></record>